1953 3566
406 299 493 356 22
874 280 1038 375 Fgsta
1067 278 1320 355 Marti'i.

499 408 764 496 ‘Tempore
801 406 1080 497 Paschali.
1171 402 1434 493 Alleluja
1460 450 1482 484 ‚
1529 384 1767 472 allelu'a‘

500 497 712 562 Missus
760 496 846 560 est
891 496 1163 582 Angelus
1195 496 1487 573 Gabriel,
1534 497 1605 558 ad
1638 418 1783 559 Nff:

407 587 557 651 riam
587 587 911 668 Virginem
940 586 1345 666 desponsatam
1375 585 1623 668 Joseph.
1665 585 1775 650 Al

411 674 611 758 leluja.
719 670 879 760 Vers.
941 673 1105 739 Ecce
1163 676 1252 736 vir
1297 690 1454 735 unus
1501 671 1781 749 Gabrie13

407 786 588 847 quem
619 763 935 831 videram
912 786 946 825 a
975 763 1274 844 principio
1298 762 1420 823 cito
1450 761 1656 823 volans
1689 778 1782 824 te-

408 854 546 939 tigit
572 873 693 924 me,
741 850 800 914 &
829 852 1034 915 docuit
1066 871 1181 912 me.
1233 849 1510 933 Alleluja.

497 940 735 1019 Evang.
788 935 1008 1002 Missus
1053 935 1183 999 est:
1239 952 1302 999 ut
1343 935 1414 998 in
1444 934 1604 1021 Festo
1655 935 1781 999 An-

416 1043 580 1092 nunt.
636 1027 712 1091 B.
747 1025 819 1093 V.
850 1022 1081 1093 Μανίιε
1114 1042 1221 1112 25.
1256 1023 1504 1089 Martii.
1537 1023 1783 1089 Dicitur

409 1116 628 1181 Credo.

494 1202 891 1289 Offlrtorium.
993 1200 1338 1264 Benedicite
1434 1198 1781 1267 Dominum

406 1313 617 1354 omnes
643 1290 862 1375 Angeli
886 1290 1035 1373 eJ’us,
1086 1313 1188 1371 po
1167 1305 1354 1351 tentes
1380 1288 1638 1363 virtute,
1687 1291 1779 1352 fa-

407 1383 628 1443 cientes
652 1380 902 1440 verbum
928 1379 1131 1456 illius,
1181 1378 1251 1441 ad
1280 1377 1637 1440 audiendam
1669 1401 1778 1443 vo-

404 1491 537 1533 cem
562 1471 901 1532 sermonum
930 1467 1079 1552 ejus.

979 1554 1217 1617 Secreta.
1296 1587 1306 1595 ·

550 1642 757 1707 Xaudi
787 1640 1056 1706 Domine
1086 1660 1283 1724 preces
1314 1639 1538 1703 nostras
1558 1685 1576 1713 ‚
1629 1662 1784 1724 quas

587 1752 688 1814 per
720 1730 1174 1815 Archangelum
1211 1746 1384 1793 tuum
1428 1725 1781 1794 Gabrielem

406 1820 704 1884 mittimus
731 1820 1165 1902 praesentandas
1186 1862 1206 1891 ,
1254 1818 1469 1901 quibus
1500 1815 1782 1900 supplici-⁴

403 1923 495 1969 ter
520 1926 837 1971 exoramus
870 1930 886 1969 ε
918 1936 937 1953 2
962 1923 1030 1969 ut
1060 1907 1120 1969 &
1150 1907 1306 1969 hanc
1341 1905 1590 1968 hostiam
1622 1906 1779 1968 salu-

403 2012 635 2071 tarem,
681 1995 741 2058 &
792 2017 893 2077 per
945 2015 1077 2057 eam
1131 2015 1240 2055 nos
1286 1994 1395 2057 tibi
1427 1994 1682 2057 sacratos
1714 1997 1784 2058 irr

402 2085 648 2147 odorem
679 2085 975 2148 suavitatis
1007 2082 1298 2164 suscipias,
1392 2081 1506 2144 Per
1549 2082 1778 2150 Domi·

404 2193 575 2236 num.

491 2260 831 2324 Communia.
907 2256 1073 2320 Ecce
1137 2254 1411 2320 Michael
1481 2278 1637 2320 unus
1701 2258 1786 2320 de*

401 2346 770 2429 Pnincipibus
829 2347 1031 2431 primis
1083 2347 1248 2410 venit
1297 2348 1360 2409 in
1415 2346 1777 2432 adjutorium

401 2456 629 2501 meum.

865 2522 1313 2608 Pestcommunio.

411 2607 843 2763 Roboren‘t
897 2632 1054 2685 ηοε,
1111 2612 1447 2692 quaesumus
1477 2607 1778 2687 Domine,

607 2700 763 2762 sacra
803 2720 939 2781 quae
984 2697 1379 2777 sumpsimus:
1436 2698 1493 2761 &
1540 2699 1781 2764 favente

342 2837 348 2845 .
406 2787 789 2872 Archangelo
818 2803 925 2848 tuo
958 2784 1247 2850 Grabiele
1274 2831 1292 2861 ‚
1342 2787 1401 2849 in
1435 2808 1611 2867 opere
1639 2787 1790 2866 effi··

390 2897 576 2960 ¹caees
605 2922 624 2953 ‚
670 2877 727 2938 &
776 2877 837 2937 in
876 2890 985 2938 tuo
1020 2896 1222 2939 amore
1261 2875 1468 2943 fervidi
1497 2874 1776 2939 invenia-¹

356 2981 563 3054 *tnur-
650 2963 764 3029 Per
784 2961 1149 3028 Dominum.
1231 3031 1238 3068 ι

1623 3131 1769 3224 Dru
